<?xml version="1.0" encoding="windows-1253"?>
<Document xmlns:xsd="http://www.w3.org/2001/XMLSchema" xmlns:xsi="http://www.w3.org/2001/XMLSchema-instance" xmlns="urn:iso:std:iso:20022:tech:xsd:pain.001.001.03">
  <CstmrCdtTrfInitn>
    <GrpHdr>
      <MsgId>d1e3c6d1f1fb49f7bc8ef07b53c2b1c9</MsgId>
      <CreDtTm>2019-10-14T14:13:47.1022528+03:00</CreDtTm>
      <NbOfTxs>4</NbOfTxs>
      <CtrlSum>0.11</CtrlSum>
      <InitgPty>
        <Nm>NAME</Nm>
      </InitgPty>
    </GrpHdr>
    <PmtInf>
      <PmtInfId>7b681b130b9247bbb005433eee7eb6ed</PmtInfId>
      <PmtMtd>TRF</PmtMtd>
      <NbOfTxs>4</NbOfTxs>
      <CtrlSum>0.11</CtrlSum>
      <PmtTpInf>
        <SvcLvl>
          <Cd>SEPA</Cd>
        </SvcLvl>
        <CtgyPurp>
          <Cd>SUPP</Cd>
        </CtgyPurp>
      </PmtTpInf>
      <ReqdExctnDt>2019-10-14</ReqdExctnDt>
      <Dbtr>
        <Nm>NAME</Nm>
        <PstlAdr>
          <Ctry>GR</Ctry>
        </PstlAdr>
      </Dbtr>
      <DbtrAcct>
        <Id>
          <IBAN>GR7001101070000010747020500</IBAN>
        </Id>
        <Ccy>EUR</Ccy>
      </DbtrAcct>
      <DbtrAgt>
        <FinInstnId>
          <BIC>ETHNGRAA</BIC>
        </FinInstnId>
      </DbtrAgt>
      <CdtTrfTxInf>
        <PmtId>
          <InstrId>2ba2a0d1169646a69e81e601b9c12628</InstrId>
          <EndToEndId>NOTPROVIDED</EndToEndId>
        </PmtId>
        <Amt>
          <InstdAmt Ccy="EUR">0.01</InstdAmt>
        </Amt>
        <ChrgBr>DEBT</ChrgBr>
        <CdtrAgt>
          <FinInstnId>
            <BIC>ETHNGRAA</BIC>
          </FinInstnId>
        </CdtrAgt>
        <Cdtr>
          <PstlAdr>
            <Ctry>GR</Ctry>
          </PstlAdr>
        </Cdtr>
        <CdtrAcct>
          <Id>
            <IBAN>GR3001101030000010300187670</IBAN>
          </Id>
        </CdtrAcct>
        <RmtInf>
          <Ustrd>TEST1</Ustrd>
        </RmtInf>
      </CdtTrfTxInf>
      <CdtTrfTxInf>
        <PmtId>
          <InstrId>f6fcfd65ed6040b1824f80dbc4249afb</InstrId>
          <EndToEndId>NOTPROVIDED</EndToEndId>
        </PmtId>
        <Amt>
          <InstdAmt Ccy="EUR">0.03</InstdAmt>
        </Amt>
        <ChrgBr>DEBT</ChrgBr>
        <CdtrAgt>
          <FinInstnId>
            <BIC>ETHNGRAA</BIC>
          </FinInstnId>
        </CdtrAgt>
        <Cdtr>
          <PstlAdr>
            <Ctry>GR</Ctry>
          </PstlAdr>
        </Cdtr>
        <CdtrAcct>
          <Id>
            <IBAN>GR3001101030000010300187670</IBAN>
          </Id>
        </CdtrAcct>
        <RmtInf>
          <Ustrd>TEST2</Ustrd>
        </RmtInf>
      </CdtTrfTxInf>
      <CdtTrfTxInf>
        <PmtId>
          <InstrId>2d3155b042c746a1b167d68cce7bb189</InstrId>
          <EndToEndId>NOTPROVIDED</EndToEndId>
        </PmtId>
        <Amt>
          <InstdAmt Ccy="EUR">0.05</InstdAmt>
        </Amt>
        <ChrgBr>DEBT</ChrgBr>
        <CdtrAgt>
          <FinInstnId>
            <BIC>ETHNGRAA</BIC>
          </FinInstnId>
        </CdtrAgt>
        <Cdtr>
          <PstlAdr>
            <Ctry>GR</Ctry>
          </PstlAdr>
        </Cdtr>
        <CdtrAcct>
          <Id>
            <IBAN>GR3001101030000010300187670</IBAN>
          </Id>
        </CdtrAcct>
        <RmtInf>
          <Ustrd>TEST3</Ustrd>
        </RmtInf>
      </CdtTrfTxInf>
      <CdtTrfTxInf>
        <PmtId>
          <InstrId>bf8212f705fe4f8dabd17a05df4044e8</InstrId>
          <EndToEndId>NOTPROVIDED</EndToEndId>
        </PmtId>
        <Amt>
          <InstdAmt Ccy="EUR">0.02</InstdAmt>
        </Amt>
        <ChrgBr>DEBT</ChrgBr>
        <CdtrAgt>
          <FinInstnId>
            <BIC>ETHNGRAA</BIC>
          </FinInstnId>
        </CdtrAgt>
        <Cdtr>
          <PstlAdr>
            <Ctry>GR</Ctry>
          </PstlAdr>
        </Cdtr>
        <CdtrAcct>
          <Id>
            <IBAN>GR3001101030000010300187670</IBAN>
          </Id>
        </CdtrAcct>
        <RmtInf>
          <Ustrd>TEST4</Ustrd>
        </RmtInf>
      </CdtTrfTxInf>
    </PmtInf>
  </CstmrCdtTrfInitn>
</Document>
